<?xml version="1.0" encoding="UTF-8"?><collection xmlns="http://www.loc.gov/MARC21/slim"><record><leader>00386nam--2200157-i-4500</leader><controlfield tag="001">000033746</controlfield><controlfield tag="002">20161230</controlfield><controlfield tag="005">20170126233827</controlfield><controlfield tag="008">060222s1000------------r-----000-0-eng-d</controlfield><datafield ind1=" " ind2=" " tag="080"><subfield code="a">547</subfield></datafield><datafield ind1=" " ind2=" " tag="100"><subfield code="a">Nekrasov, V. V</subfield></datafield><datafield ind1=" " ind2=" " tag="245"><subfield code="a">Practical organic chemistry. A basic couse</subfield></datafield><datafield ind1=" " ind2=" " tag="260"><subfield code="a">Moscow</subfield><subfield code="b">Mir Publishers</subfield><subfield code="c">1975</subfield></datafield><datafield ind1=" " ind2=" " tag="300"><subfield code="a">410 p</subfield></datafield><datafield ind1=" " ind2=" " tag="852"><subfield code="a">46141</subfield></datafield><datafield ind1=" " ind2=" " tag="CAT"><subfield code="a">SYS</subfield><subfield code="c">20170126</subfield><subfield code="h">233827</subfield></datafield></record></collection>